<record><leader>00000cas a22000007a 4500</leader><controlfield tag="001">10134297</controlfield><controlfield tag="008">831116c19219999scuir ne      0   a0eng d</controlfield><controlfield tag="009">467</controlfield><datafield ind1=" " ind2=" " tag="010"><subfield code="a">sn 83003545 </subfield></datafield><datafield ind1=" " ind2=" " tag="040"><subfield code="a">NSD</subfield><subfield code="b">eng</subfield><subfield code="c">NSD</subfield><subfield code="d">NPT</subfield><subfield code="d">SVN</subfield><subfield code="d">OCLCQ</subfield><subfield code="d">SXC</subfield><subfield code="d">OCLCQ</subfield><subfield code="d">OCLCO</subfield><subfield code="d">OCLCF</subfield></datafield><datafield ind1=" " ind2=" " tag="012"><subfield code="m">1</subfield></datafield><datafield ind1="1" ind2=" " tag="022"><subfield code="a">0746-5734</subfield><subfield code="l">0746-5734</subfield><subfield code="2">1</subfield></datafield><datafield ind1="1" ind2=" " tag="029"><subfield code="a">AU@</subfield><subfield code="b">000020292966</subfield></datafield><datafield ind1=" " ind2=" " tag="032"><subfield code="a">216680</subfield><subfield code="b">USPS</subfield></datafield><datafield ind1=" " ind2=" " tag="037"><subfield code="b">Georgetown Times, 615 Front St., P.O. Drawer G, Georgetown, SC 29442</subfield></datafield><datafield ind1=" " ind2=" " tag="042"><subfield code="a">nsdp</subfield></datafield><datafield ind1=" " ind2=" " tag="043"><subfield code="a">n-us-sc</subfield></datafield><datafield ind1="0" ind2=" " tag="130"><subfield code="a">Georgetown times (Georgetown, S.C. : 1921)</subfield></datafield><datafield ind1=" " ind2="4" tag="222"><subfield code="a">The Georgetown times</subfield></datafield><datafield ind1="1" ind2="4" tag="245"><subfield code="a">The Georgetown times.</subfield></datafield><datafield ind1=" " ind2=" " tag="260"><subfield code="a">Georgetown, S.C. :</subfield><subfield code="b">Georgetown Pub. Co.</subfield></datafield><datafield ind1=" " ind2=" " tag="310"><subfield code="a">Triweekly,</subfield><subfield code="b">Nov. 4, 1983 -</subfield></datafield><datafield ind1=" " ind2=" " tag="321"><subfield code="a">Weekly,</subfield><subfield code="b">Sept. 9, 1921 - Mar. 22, 1973</subfield></datafield><datafield ind1=" " ind2=" " tag="321"><subfield code="a">Semiweekly,</subfield><subfield code="b">Mar. 27, 1973 - Nov. 2, 1983</subfield></datafield><datafield ind1="0" ind2=" " tag="362"><subfield code="a">Vol. 126, no. 39 (Sept. 9, 1921)-</subfield></datafield><datafield ind1=" " ind2="0" tag="651"><subfield code="a">Georgetown County (S.C.)</subfield><subfield code="v">Newspapers.</subfield></datafield><datafield ind1=" " ind2="7" tag="655"><subfield code="a">Newspapers.</subfield><subfield code="2">fast</subfield><subfield code="0">(OCoLC)fst01423814</subfield></datafield><datafield ind1=" " ind2="7" tag="651"><subfield code="a">South Carolina</subfield><subfield code="z">Georgetown County.</subfield><subfield code="2">fast</subfield><subfield code="0">(OCoLC)fst01206896</subfield></datafield><datafield ind1=" " ind2=" " tag="752"><subfield code="a">United States</subfield><subfield code="b">South Carolina</subfield><subfield code="c">Georgetown</subfield><subfield code="d">Georgetown.</subfield></datafield><datafield ind1="0" ind2="0" tag="780"><subfield code="t">Georgetown times-index</subfield><subfield code="w">(DLC)sn 92065719</subfield></datafield><datafield ind1=" " ind2=" " tag="936"><subfield code="a">Sept. 26, 1983</subfield></datafield></record>